@ONLINE{
	intv,
	author={А. Н. Баженов},
	title={Лекции по интервальному анализу},
	language={russian},
	year={2020}
}

@BOOK{
	shary,
	author={С. П. Шарый},
	title={Конечномерный интервальный анализ},
	url={http://www.nsc.ru/interval/Library/InteBooks/SharyBook.pdf},
	language={russian},
	year={2020},
	publisher={Издательство ``XYZ''}
}